<?xml version="1.0" encoding="UTF-8"?><collection xmlns="http://www.loc.gov/MARC21/slim"><record><leader>00566nam--2200193-u-4500</leader><controlfield tag="001">000051339</controlfield><controlfield tag="002">20161230</controlfield><controlfield tag="005">20161230201049</controlfield><controlfield tag="008">080702s1000------------r-----000-0-eng-d</controlfield><datafield ind1=" " ind2=" " tag="040"><subfield code="a">IFIN-HH</subfield></datafield><datafield ind1=" " ind2=" " tag="080"><subfield code="a">519</subfield></datafield><datafield ind1="1" ind2=" " tag="100"><subfield code="a">Nation, J</subfield></datafield><datafield ind1="1" ind2="0" tag="245"><subfield code="a">Formal descriptions of developing systems</subfield><subfield code="c">James nation, irina trofimova, john d. rand, william sulis (eds.)</subfield></datafield><datafield ind1=" " ind2=" " tag="260"><subfield code="a">Ddordrecht</subfield><subfield code="b">Kluwer Academic Press</subfield><subfield code="c">2003</subfield></datafield><datafield ind1=" " ind2=" " tag="300"><subfield code="a">XIV+306 p</subfield></datafield><datafield ind1=" " ind2=" " tag="490"><subfield code="a">Nato Science Series, 121</subfield></datafield><datafield ind1="1" ind2=" " tag="700"><subfield code="a">Sulis, William</subfield><subfield code="e">Ed</subfield></datafield><datafield ind1=" " ind2=" " tag="852"><subfield code="a">42270</subfield><subfield code="c">53</subfield></datafield><datafield ind1=" " ind2=" " tag="CAT"><subfield code="a">Sys</subfield><subfield code="c">20150323</subfield><subfield code="h">153452</subfield></datafield></record></collection>